@article{taricco2007optimum,
  title={Optimum receiver design for correlated Rician fading MIMO channels with pilot-aided detection},
  author={Taricco, Giorgio and Coluccia, Giulio},
  journal={Selected Areas in Communications, IEEE Journal on},
  volume={25},
  number={7},
  pages={1311--1321},
  year={2007},
  publisher={IEEE}
}

@article{samra2005symbol,
  title={Symbol mapping diversity design for multiple packet transmissions},
  author={Samra, Harvind and Ding, Zhi and Hahn, Peter M},
  journal={Communications, IEEE Transactions on},
  volume={53},
  number={5},
  pages={810--817},
  year={2005},
  publisher={IEEE}
}

@article{proakisdigital,
  title={Digital communications.},
  author={Proakis, John G},
  year={1995},
  journal={McGraw-Hill, New York}
}

@article{han2009performance,
  title={Performance bounds for two-way amplify-and-forward relaying},
  author={Han, Yang and Ting, See Ho and Ho, Chin Keong and Chin, Woon Hau},
  journal={Wireless Communications, IEEE Transactions on},
  volume={8},
  number={1},
  pages={432--439},
  year={2009},
  publisher={IEEE}
}

@ARTICLE{barriac2006space, 
author={Barriac, G. and Madhow, U.}, 
journal={Communications, IEEE Transactions on}, 
title={Space-time precoding for mean and covariance feedback: application to wideband OFDM}, 
year={2006}, 
volume={54}, 
number={1}, 
pages={96-107}, 
keywords={OFDM modulation;broadband networks;cellular radio;feedback;precoding;space-time codes;telecommunication channels;time division multiplexing;beamforming;channel spatial covariance;covariance feedback;frequency-division duplex systems;mean feedback;mobile channels;multiinput single-output wideband cellular downlink;orthogonal frequency-division multiplexed systems;single-carrier systems;space-time precoding;spatial channel;spatial channel realization;time-division duplex systems;wideband OFDM;Array signal processing;Base stations;Downlink;Feedback;Frequency division multiplexing;Frequency estimation;Frequency measurement;OFDM;Statistics;Wideband;Fading channels;information rates;multiple-input multiple-output (MIMO) systems}, 
doi={10.1109/TCOMM.2005.861665}, 
ISSN={0090-6778}, 
month={Jan},}

@INPROCEEDINGS{panasonic2001enhanced, 
    author={}, 
    booktitle={{3rd Generation Partnership Project (3GPP), Technical Specification TSGR1\#19(01)0237}}, 
    title={{Enhanced HARQ Method with Signal Constellation Rearrangement}}, 
    year={2001}, 
    month={Mar.}, 
}
