@article{frieze1974bilinear,
  title={A bilinear programming formulation of the 3-dimensional assignment problem},
  author={Frieze, Alan M},
  journal={Mathematical Programming},
  volume={7},
  number={1},
  pages={376--379},
  year={1974},
  publisher={Springer}
}

@article{balas1991algorithm,
  title={An algorithm for the three-index assignment problem},
  author={Balas, Egon and Saltzman, Matthew J},
  journal={Operations Research},
  volume={39},
  number={1},
  pages={150--161},
  year={1991},
  publisher={INFORMS}
}

@incollection{burkard1999linear,
  title={Linear assignment problems and extensions},
  author={Burkard, Rainer E and Cela, Eranda},
  booktitle={Handbook of combinatorial optimization},
  pages={75--149},
  year={1999},
  publisher={Springer}
}

@INPROCEEDINGS{5587019, 
author={T. V. Luong and L. Loukil and N. Melab and E. G. Talbi}, 
booktitle={ACS/IEEE International Conference on Computer Systems and Applications - AICCSA 2010}, 
title={A GPU-based iterated tabu search for solving the quadratic 3-dimensional assignment problem}, 
year={2010}, 
pages={1-8}, 
keywords={computational complexity;coprocessors;iterative methods;mathematics computing;optimisation;quadratic programming;search problems;NP-hard quadratic assignment problem;combinatorial optimization problem;graphics processing units;hard optimization problem;iterated tabu search;local search heuristics;quadratic 3-dimensional assignment problem;Graphics processing unit;GPU-based local search;Quadratic 3-dimensional assignment problem (Q3AP);iterated tabu search on graphics processing units;metaheuristics on GPU}, 
doi={10.1109/AICCSA.2010.5587019}, 
ISSN={2161-5322}, 
month={May},}

@article{koopmans1957assignment,
  title={Assignment problems and the location of economic activities},
  author={Koopmans, Tjalling C and Beckmann, Martin},
  journal={Econometrica: journal of the Econometric Society},
  pages={53--76},
  year={1957},
  publisher={JSTOR}
}

@ARTICLE{806935, 
author={V. Maniezzo and A. Colorni}, 
journal={IEEE Transactions on Knowledge and Data Engineering}, 
title={The ant system applied to the quadratic assignment problem}, 
year={1999}, 
volume={11}, 
number={5}, 
pages={769-778}, 
keywords={combinatorial mathematics;distributed algorithms;evolutionary computation;heuristic programming;operations research;quadratic programming;ant colonies;ant system;combinatorial optimization;complex problems;computational procedures;distributed heuristic algorithm;evolutionary computation;evolutionary heuristics;knowledge pooling;natural phenomena;quadratic assignment problem;Cost function;Distributed algorithms;Electronic circuits;Evolutionary computation;Helium;Heuristic algorithms;Hospitals;Minimization;Traveling salesman problems;Wire}, 
doi={10.1109/69.806935}, 
ISSN={1041-4347}, 
month={Sep},}