@book{boyd2004convex,
  title={Convex optimization},
  author={Boyd, Stephen and Vandenberghe, Lieven},
  year={2004},
  publisher={Cambridge university press}
}

@book{gass1958linear,
  title={Linear programming},
  author={Gass, Saul I},
  year={1958},
  publisher={Wiley Online Library}
}

@book{friedman2001elements,
  title={{The Elements of Statistical Learning: Data Mining, Inference, and Prediction}},
  author={Hastie, Trevor and Tibshirani, Robert and Friedman, Jerome},
  year={2009},
  edition={2nd},
  publisher={Springer series in statistics, Springer, Berlin}
}