@ARTICLE{TS36.211,
    author={{3GPP TS36.211}},
    title={{E-UTRA Radio Physical Channels and Modulation (Release 13)}},
    note={v13.2.0},
    year={2016}, 
    month={July}, 
}

@book{proakisdigital,
  title={Digital communications},
  author={Proakis, John G},
  year={1995},
  publisher={McGraw-Hill, New York}
}

@book{molisch2007wireless,
  title={Wireless communications},
  author={Molisch, Andreas F},
  year={2007},
  publisher={John Wiley \& Sons}
}

@book{goldsmith2005wireless,
  title={Wireless communications},
  author={Goldsmith, Andrea},
  year={2005},
  publisher={Cambridge university press}
}